<record><leader>00000cas a22000007a 4500</leader><controlfield tag="001">26381908</controlfield><controlfield tag="008">920812c19929999arudn ne      0   a0eng c</controlfield><controlfield tag="009">467</controlfield><datafield ind1=" " ind2=" " tag="010"><subfield code="a">sn 92005182 </subfield></datafield><datafield ind1=" " ind2=" " tag="040"><subfield code="a">NSD</subfield><subfield code="b">eng</subfield><subfield code="c">NSD</subfield><subfield code="d">ANU</subfield><subfield code="d">OCLCQ</subfield></datafield><datafield ind1=" " ind2=" " tag="012"><subfield code="m">1</subfield></datafield><datafield ind1="1" ind2=" " tag="022"><subfield code="a">1064-7260</subfield><subfield code="l">1064-7260</subfield><subfield code="2">1</subfield></datafield><datafield ind1=" " ind2=" " tag="032"><subfield code="a">582500</subfield><subfield code="b">USPS</subfield></datafield><datafield ind1=" " ind2=" " tag="037"><subfield code="b">Jacksonville Patriot, PO Box 5329, Jacksonville, AR 72076</subfield></datafield><datafield ind1=" " ind2=" " tag="042"><subfield code="a">nsdp</subfield><subfield code="a">pcc</subfield></datafield><datafield ind1=" " ind2="0" tag="222"><subfield code="a">Jacksonville patriot</subfield></datafield><datafield ind1="0" ind2="0" tag="245"><subfield code="a">Jacksonville patriot.</subfield></datafield><datafield ind1=" " ind2=" " tag="260"><subfield code="a">Jacksonville, Ark. :</subfield><subfield code="b">General Media</subfield></datafield><datafield ind1=" " ind2=" " tag="300"><subfield code="a">v.</subfield></datafield><datafield ind1=" " ind2=" " tag="310"><subfield code="a">Daily (except Saturday, Sunday, and holidays)</subfield></datafield><datafield ind1="0" ind2=" " tag="362"><subfield code="a">[Vol. 34, no. 221] (June 29, 1992)-</subfield></datafield><datafield ind1=" " ind2="4" tag="651"><subfield code="a">Pulaski County (Ark.)</subfield><subfield code="v">Newspapers.</subfield></datafield><datafield ind1=" " ind2="4" tag="651"><subfield code="a">Jacksonville (Ark.)</subfield><subfield code="v">Newspapers.</subfield></datafield><datafield ind1=" " ind2=" " tag="752"><subfield code="a">United States</subfield><subfield code="b">Arkansas</subfield><subfield code="c">Pulaski</subfield><subfield code="d">Jacksonville.</subfield></datafield><datafield ind1="0" ind2="0" tag="780"><subfield code="t">Jacksonville news (Jacksonville, Ark.)</subfield><subfield code="x">0891-5601</subfield><subfield code="w">(DLC)sn 86010653</subfield><subfield code="w">(OCoLC)14964158</subfield></datafield></record>